@Unpublished{fabric2018,
  author = {Jeff Forcier},
  title  = {Fabric Release 2.3},
  month  = may,
  year   = {2018},
  url    = {https://www.fabfile.org/index.html},
}
@Misc{votingapp2017,
  author = {Luc Juggery},
  title  = {Deploy the Voting App on a Docker Swarm using Compose version 3},
  month  = feb,
  year   = {2017},
  url    = {https://medium.com/lucjuggery/deploy-the-voting-apps-stack-on-a-docker-swarm-4390fd5eee4},
}
@Manual{swarmManual2018,
  title  = {Create a Swarm},
  author = {Docker, Inc.},
  year   = {2018},
  url    = {https://docs.docker.com/engine/swarm/},
}
@Manual{raspbian2018,
  title  = {Installing Operating System Images},
  author = {Raspberry Pi Foundation},
  year   = {2018},
  url    = {https://www.raspberrypi.org/documentation/installation/installing-images/},
}
